<?xml version="1.0" encoding="UTF-8"?>
<record xmlns="http://www.loc.gov/MARC21/slim">
  <leader>02176cjm a2200529 a 4500</leader>
  <controlfield tag="001">4462471</controlfield>
  <controlfield tag="003">LTSCA</controlfield>
  <controlfield tag="005">20100217115045.0</controlfield>
  <controlfield tag="007">sd fsngnnmmneu</controlfield>
  <controlfield tag="008">950724p19941992hu uunn           n hun  </controlfield>
  <datafield tag="010" ind1=" " ind2=" ">
    <subfield code="a">   95704197</subfield>
  </datafield>
  <datafield tag="024" ind1="1" ind2=" ">
    <subfield code="a">789368021123</subfield>
  </datafield>
  <datafield tag="024" ind1="7" ind2=" ">
    <subfield code="a">00789368021123</subfield>
    <subfield code="2">gtin-14</subfield>
  </datafield>
  <datafield tag="028" ind1="0" ind2="2">
    <subfield code="a">HCD 31524</subfield>
    <subfield code="b">Hungaroton</subfield>
  </datafield>
  <datafield tag="028" ind1="0" ind2="0">
    <subfield code="a">31524</subfield>
    <subfield code="b">Hungaroton</subfield>
  </datafield>
  <datafield tag="033" ind1="2" ind2=" ">
    <subfield code="a">19920612</subfield>
    <subfield code="a">19920616</subfield>
    <subfield code="b">6504</subfield>
    <subfield code="c">P5</subfield>
  </datafield>
  <datafield tag="035" ind1=" " ind2=" ">
    <subfield code="a">ocm33010878</subfield>
  </datafield>
  <datafield tag="040" ind1=" " ind2=" ">
    <subfield code="a">DLC</subfield>
    <subfield code="c">DLC</subfield>
    <subfield code="d">BTCTA</subfield>
    <subfield code="d">OCLCG</subfield>
    <subfield code="d">OCLCQ</subfield>
    <subfield code="d">BOS</subfield>
    <subfield code="d">ACAL</subfield>
  </datafield>
  <datafield tag="041" ind1="0" ind2=" ">
    <subfield code="d">hunenglat</subfield>
  </datafield>
  <datafield tag="049" ind1=" " ind2=" ">
    <subfield code="a">MAIN</subfield>
  </datafield>
  <datafield tag="050" ind1=" " ind2="4">
    <subfield code="a">M3.1.K76</subfield>
    <subfield code="b">T5 1994</subfield>
  </datafield>
  <datafield tag="050" ind1="1" ind2="4">
    <subfield code="a">M1579.K62</subfield>
    <subfield code="b">T55</subfield>
  </datafield>
  <datafield tag="050" ind1="0" ind2="0">
    <subfield code="a">SDA 88858</subfield>
  </datafield>
  <datafield tag="090" ind1=" " ind2=" ">
    <subfield code="a">M 3.1 K76 T5 1994</subfield>
    <subfield code="b">ACAL</subfield>
  </datafield>
  <datafield tag="100" ind1="1" ind2=" ">
    <subfield code="a">Kodály, Zoltán,</subfield>
    <subfield code="d">1882-1967.</subfield>
  </datafield>
  <datafield tag="240" ind1="1" ind2="0">
    <subfield code="a">Choral music.</subfield>
    <subfield code="k">Selections</subfield>
  </datafield>
  <datafield tag="245" ind1="1" ind2="3">
    <subfield code="a">An ode for music</subfield>
    <subfield code="h">[sound recording] :</subfield>
    <subfield code="b">choruses for mixed voices /</subfield>
    <subfield code="c">Zoltán Kodály.</subfield>
  </datafield>
  <datafield tag="260" ind1=" " ind2=" ">
    <subfield code="a">[Hungary] :</subfield>
    <subfield code="b">Hungaroton,</subfield>
    <subfield code="c">p1994.</subfield>
  </datafield>
  <datafield tag="300" ind1=" " ind2=" ">
    <subfield code="a">1 sound disc :</subfield>
    <subfield code="b">digital, stereo. ;</subfield>
    <subfield code="c">4 3/4 in.</subfield>
  </datafield>
  <datafield tag="490" ind1="1" ind2=" ">
    <subfield code="a">Hungaroton classic</subfield>
  </datafield>
  <datafield tag="500" ind1=" " ind2=" ">
    <subfield code="a">Compact disc.</subfield>
  </datafield>
  <datafield tag="500" ind1=" " ind2=" ">
    <subfield code="a">Program notes inserted in container.</subfield>
  </datafield>
  <datafield tag="505" ind1="0" ind2=" ">
    <subfield code="a">Köszönt -- Esti dal -- Horatii Carmen II.10 : Rectius vives -- Adventi ének -- Naphimnusz -- Ének Szent István királyhoz -- Székely keserves -- A székelyekhez -- Akik mindig elkésnek -- Szép könyörgés -- Norvég lányok -- Öregek -- Túrót eszik a cigány -- Este -- Sík Sándor Te Deuma -- An ode for music -- Jézus és a kufárok -- Mátrai képek.</subfield>
  </datafield>
  <datafield tag="511" ind1="0" ind2=" ">
    <subfield code="a">Chamber Choir of Pécs ; Aurél Tillai, conductor.</subfield>
  </datafield>
  <datafield tag="518" ind1=" " ind2=" ">
    <subfield code="a">Recorded in the Pécs County Hall, June 12-16, 1992.</subfield>
  </datafield>
  <datafield tag="546" ind1=" " ind2=" ">
    <subfield code="a">Sung principally in Hungarian; in part also in English and Latin.</subfield>
  </datafield>
  <datafield tag="596" ind1=" " ind2=" ">
    <subfield code="a">16</subfield>
  </datafield>
  <datafield tag="650" ind1=" " ind2="0">
    <subfield code="a">Choruses (Mixed voices), Unaccompanied.</subfield>
  </datafield>
  <datafield tag="650" ind1=" " ind2="0">
    <subfield code="a">Choruses, Sacred (Mixed voices), Unaccompanied.</subfield>
  </datafield>
  <datafield tag="700" ind1="1" ind2=" ">
    <subfield code="a">Tillai, Aurél,</subfield>
    <subfield code="d">1930-</subfield>
  </datafield>
  <datafield tag="710" ind1="2" ind2=" ">
    <subfield code="a">Pécsi Nevelk Háza Kamarakórusa.</subfield>
  </datafield>
  <datafield tag="830" ind1=" " ind2="0">
    <subfield code="a">Hungaroton classic.</subfield>
  </datafield>
  <datafield tag="949" ind1=" " ind2=" ">
    <subfield code="a">M 3.1 K76 T5 1994</subfield>
    <subfield code="c">1</subfield>
    <subfield code="h">UAAU-MC-B</subfield>
    <subfield code="i">0162027734647</subfield>
  </datafield>
  <datafield tag="994" ind1=" " ind2=" ">
    <subfield code="a">C0</subfield>
    <subfield code="b">CNAUC</subfield>
  </datafield>
  <datafield tag="039" ind1=" " ind2=" ">
    <subfield code="a">(OCoLC)33010878</subfield>
    <subfield code="z">(OCoLC)150151288</subfield>
    <subfield code="f">OCLC</subfield>
  </datafield>
  <datafield tag="019" ind1=" " ind2=" ">
    <subfield code="a">150151288</subfield>
  </datafield>
  <datafield tag="926" ind1=" " ind2=" ">
    <subfield code="a">UAAUG</subfield>
    <subfield code="b">MUSIC_CD</subfield>
    <subfield code="c">M 3.1 K76 T5 1994</subfield>
    <subfield code="d">MUSICSOUND</subfield>
    <subfield code="f">1</subfield>
  </datafield>
</record>
